<?xml version="1.0" encoding="UTF-8"?><record xmlns="http://www.loc.gov/MARC21/slim" xmlns:cinclude="http://apache.org/cocoon/include/1.0" xmlns:zs="http://www.loc.gov/zing/srw/">
  <leader>00519nz  a2200145n  4500</leader>
  <controlfield tag="001">no2008089660</controlfield>
  <controlfield tag="003">DLC</controlfield>
  <controlfield tag="005">20080619081301.0</controlfield>
  <controlfield tag="008">080609n| acannaabn          |n aaa     c</controlfield>
  <datafield tag="010" ind1=" " ind2=" ">
    <subfield code="a">no2008089660</subfield>
  </datafield>
  <datafield tag="035" ind1=" " ind2=" ">
    <subfield code="a">(OCoLC)oca07797684</subfield>
  </datafield>
  <datafield tag="040" ind1=" " ind2=" ">
    <subfield code="a">TxCM</subfield>
    <subfield code="b">eng</subfield>
    <subfield code="c">TxCM</subfield>
  </datafield>
  <datafield tag="100" ind1="1" ind2=" ">
    <subfield code="a">Tarafdar, Enayet U.</subfield>
    <subfield code="q">(Enayet Ullah)</subfield>
  </datafield>
  <datafield tag="670" ind1=" " ind2=" ">
    <subfield code="a">Topological methods for set-valued nonlinear analysis, c2008:</subfield>
    <subfield code="b">t.p. (Enayet U. Tarafdar, University of Queensland, Australia)</subfield>
  </datafield>
  <datafield tag="670" ind1=" " ind2=" ">
    <subfield code="a">OCLC, June 9, 2008</subfield>
    <subfield code="b">(heading: Tarafdar, Enayet Ullah; no usage)</subfield>
  </datafield>
</record>